@article{hempelmann2018,
title = {Web processing service for climate impact and extreme weather event analyses. Flyingpigeon (Version 1.0)},
journal = {Computers \& Geosciences},
volume = {110},
number = {Supplement C},
pages = {65 - 72},
year = {2018},
issn = {0098-3004},
doi = {https://doi.org/10.1016/j.cageo.2017.10.004},
url = {http://www.sciencedirect.com/science/article/pii/S0098300416302801},
AUTHOR = {N. Hempelmann and C. Ehbrecht and C. Alvarez-Castro and P. Brockmann and W. Falk and J. Hoffmann and S. Kindermann and B. Koziol and C. Nangini and S. Radanovics and R. Vautard and P. Yiou},
keywords = {Web processing service, Climate impact, Extreme weather events, Birdhouse, OGC}
}
