%%%%%%%%%%%%%%%%%%%%% FEATURES %%%%%%%%%%%%%%%%%%%%%%%

@misc{OGC-spatial_best,
title = {OGC 15-107: Spatial Data on the Web Best Practices},
note = {OGC Best practices document},
year = {2017},
howpublished = {\url{https://www.w3.org/TR/sdw-bp/}},
}

@misc{nasa_above,
author = {NASA},
title = {Artic Boreal Vulnerability Experiment (ABOVE) Implementation plan, Spatial Hierarchy},
howpublished = {\url{https://above.nasa.gov/implementation_plan/spatial_hierarchy.html}},
}

@INPROCEEDINGS{7160492,
author={S. Bimonte},
booktitle={2015 38th International Convention on Information and Communication Technology, Electronics and Microelectronics (MIPRO)},
title={Spatial OLAP for agri-environmental data and analysis: Lessons learned},
year={2015},
pages={1393-1398},
keywords={agriculture;data mining;data warehouses;SOLAP;agrienvironmental data;health;marketing;multidimensional analysis;spatial OLAP systems;spatial data warehouses;urbanism;Analytical models;Context;Data models;Design methodology;Servers;Spatial databases;Unified modeling language},
doi={10.1109/MIPRO.2015.7160492},
ISSN={},
month={May},}


%%%%%%%%%%%%%%%%%%%%% EARTH OBSERVATION %%%%%%%%%%%%%%%%%%%%%%%

@misc{CANARIE_CANGEO,
author = {CRIM},
title = {Projet CANGEO},
note = {Technical report},
howpublished = {\url{http://www.crim.ca/media/publication/fulltext/cangeo_rapport-technique_crim-15_20-11_visi.pdf}},
}

@misc{CRIM_GLOBVI,
author = {S. Foucher and E. Sobhani Tehrani and M. Beaulieu and N. Bandari Nejad and A. Garabedian and J. Poitevin},
title = {A MULTI-TEMPORAL AND MULTI-SOURCE CLASSIFICATION SYSTEM FOR LAND COVER MAPPING USING RADARSAT-2 POLSAR IMAGES},
year = {2015},
month = {10},
note = {Slideshow},
howpublished = {\url{http://bit.ly/2CxnowN}},
}

@INPROCEEDINGS{sherlock,
author = {T. Landry and F. Gouineau and T. Triplet},
booktitle={2015 High Performance Computing Symposium (HPCS)},
title = {Sherlock Laboratory: Advanced Analytics for Smart Data},
year = {2015},
month = {06},
address = {Montreal, Canada},
howpublished = {\url{http://www.crim.ca/en/publications/sherlock-laboratory-advanced-analytics-for-smart-data}},
}

@inproceedings{gouineau2016patchwork,
  title={Patchwork, a scalable density-grid clustering algorithm},
  author={F. Gouineau, T. Landry, T. Triplet},
  booktitle={Proceedings of the 31st Annual ACM Symposium on Applied Computing},
  pages={824--831},
  year={2016},
  organization={ACM}
}
